<?xml version="1.0" encoding="UTF-8"?><collection xmlns="http://www.loc.gov/MARC21/slim"><record><leader>00377nam--2200145-i-4500</leader><controlfield tag="001">000001636</controlfield><controlfield tag="002">20161230</controlfield><controlfield tag="005">20161230201024</controlfield><controlfield tag="008">060222s1000------------r-----000-0-eng-d</controlfield><datafield ind1=" " ind2=" " tag="080"><subfield code="a">621.38</subfield></datafield><datafield ind1=" " ind2=" " tag="100"><subfield code="a">Dokter, F., Steinhauer, J</subfield></datafield><datafield ind1=" " ind2=" " tag="245"><subfield code="a">Digital electronics</subfield></datafield><datafield ind1=" " ind2=" " tag="260"><subfield code="a">London, Macmillan Press Ltd., 1973.Xii + 270 P</subfield></datafield><datafield ind1=" " ind2=" " tag="490"><subfield code="a">Philips Technical Library</subfield></datafield><datafield ind1=" " ind2=" " tag="852"><subfield code="a">42015</subfield></datafield></record></collection>